<record><leader>00000cas a22000007a 4500</leader><controlfield tag="001">17821105</controlfield><controlfield tag="008">880420d19631970lauwr ne      0    0eng d</controlfield><datafield ind1=" " ind2=" " tag="010"><subfield code="a">sn 88064342 </subfield></datafield><datafield ind1=" " ind2=" " tag="040"><subfield code="a">LNP</subfield><subfield code="b">eng</subfield><subfield code="c">LNP</subfield><subfield code="d">OCLCQ</subfield><subfield code="d">OCLCF</subfield><subfield code="d">OCLCO</subfield></datafield><datafield ind1="1" ind2=" " tag="029"><subfield code="a">AU@</subfield><subfield code="b">000020502769</subfield></datafield><datafield ind1=" " ind2=" " tag="042"><subfield code="a">msc</subfield></datafield><datafield ind1=" " ind2=" " tag="043"><subfield code="a">n-us-la</subfield></datafield><datafield ind1="0" ind2="4" tag="245"><subfield code="a">The Ponchatoula news herald.</subfield></datafield><datafield ind1="3" ind2="0" tag="246"><subfield code="a">News herald</subfield></datafield><datafield ind1=" " ind2=" " tag="260"><subfield code="a">Ponchatoula, La. :</subfield><subfield code="b">N.R. Murray</subfield></datafield><datafield ind1=" " ind2=" " tag="310"><subfield code="a">Weekly</subfield></datafield><datafield ind1="1" ind2=" " tag="362"><subfield code="a">Began in 1963?</subfield></datafield><datafield ind1="0" ind2=" " tag="362"><subfield code="a">-v. 23, no. 12 (Apr. 16, 1970).</subfield></datafield><datafield ind1=" " ind2=" " tag="500"><subfield code="a">Title varies: News herald, Sept. 10-24, Oct. 15-&lt;Dec. 24, 1965&gt;.</subfield></datafield><datafield ind1=" " ind2=" " tag="500"><subfield code="a">Published in Hammond, La., Sept. 10-24, 1965.</subfield></datafield><datafield ind1=" " ind2=" " tag="588"><subfield code="a">Description based on: Vol. 16, no. 1 (Jan. 11 [i.e. 3], 1964).</subfield></datafield><datafield ind1=" " ind2="0" tag="651"><subfield code="a">Ponchatoula (La.)</subfield><subfield code="v">Newspapers.</subfield></datafield><datafield ind1=" " ind2="0" tag="651"><subfield code="a">Hammond (La.)</subfield><subfield code="v">Newspapers.</subfield></datafield><datafield ind1=" " ind2="7" tag="655"><subfield code="a">Newspapers.</subfield><subfield code="2">fast</subfield><subfield code="0">(OCoLC)fst01423814</subfield></datafield><datafield ind1=" " ind2="7" tag="651"><subfield code="a">Louisiana</subfield><subfield code="z">Hammond.</subfield><subfield code="2">fast</subfield><subfield code="0">(OCoLC)fst01216216</subfield></datafield><datafield ind1=" " ind2="7" tag="651"><subfield code="a">Louisiana</subfield><subfield code="z">Ponchatoula.</subfield><subfield code="2">fast</subfield><subfield code="0">(OCoLC)fst01229069</subfield></datafield><datafield ind1=" " ind2=" " tag="752"><subfield code="a">United States</subfield><subfield code="b">Louisiana</subfield><subfield code="c">Tangipahoa</subfield><subfield code="d">Ponchatoula.</subfield></datafield><datafield ind1=" " ind2=" " tag="752"><subfield code="a">United States</subfield><subfield code="b">Louisiana</subfield><subfield code="c">Tangipahoa</subfield><subfield code="d">Hammond.</subfield></datafield><datafield ind1="0" ind2="0" tag="780"><subfield code="t">News herald (Ponchatoula, La. : 1947)</subfield><subfield code="w">(DLC)sn 88064341</subfield></datafield><datafield ind1="0" ind2="0" tag="785"><subfield code="t">News herald (Ponchatoula, La. : 1970)</subfield><subfield code="w">(DLC)sn 88064343</subfield></datafield></record>